<?xml version="1.0" encoding="UTF-8"?><collection xmlns="http://www.loc.gov/MARC21/slim"><record><leader>00337nam--2200133-i-4500</leader><controlfield tag="001">000039979</controlfield><controlfield tag="002">20161230</controlfield><controlfield tag="005">20161230201042</controlfield><controlfield tag="008">060222s1000------------r-----000-0-eng-d</controlfield><datafield ind1=" " ind2=" " tag="080"><subfield code="a">513.61+513.64(075.3)</subfield></datafield><datafield ind1=" " ind2=" " tag="100"><subfield code="a">Sachter,O</subfield></datafield><datafield ind1=" " ind2=" " tag="245"><subfield code="a">Despre coice si alte curbe</subfield></datafield><datafield ind1=" " ind2=" " tag="260"><subfield code="a">Bucuresti, Ed.Tehnica, 1955. 157 P. + Ilustr</subfield></datafield><datafield ind1=" " ind2=" " tag="852"><subfield code="a">3837</subfield></datafield></record></collection>